% Encoding: UTF-8

@Comment{jabref-meta: databaseType:bibtex;}


@article{2020:maciel,
author = {Bruno Iran Ferreira Maciel and Silas Garrido Teixeira Carvalho Santos and Roberto Souto Maior Barros},
title = {MOAManager: A tool to support data stream experiments},
journal = {Software: Practice and Experience},
volume = {n/a},
number = {n/a},
pages = {1-10},
year={2020},
keywords = {concept drift, online learning, performance analysis, PHP, statistical analysis, tool},
doi = {10.1002/spe.2795},
url = {https://onlinelibrary.wiley.com/doi/abs/10.1002/spe.2795},
eprint = {https://onlinelibrary.wiley.com/doi/pdf/10.1002/spe.2795}
}


@MISC {2020:michaelis,
    author       = "Michaelis",
    title        = "Dicionário Brasileiro da Língua Portuguesa",
    howpublished = "https://michaelis.uol.com.br",
    month        = "apr",
    year         = "2020"
}




@article{1981:donald,
 author = {Chamberlin, Donald D. and Astrahan, Morton M. and Blasgen, Michael W. and Gray, James N. and King, W. Frank and Lindsay, Bruce G. and Lorie, Raymond and Mehl, James W. and Price, Thomas G. and Putzolu, Franco and Selinger, Patricia Griffiths and Schkolnick, Mario and Slutz, Donald R. and Traiger, Irving L. and Wade, Bradford W. and Yost, Robert A.},
 title = {A History and Evaluation of System R},
 journal = {Commun. ACM},
 issue_date = {Oct. 1981},
 volume = {24},
 number = {10},
 month = oct,
 year = {1981},
 issn = {0001-0782},
 pages = {632--646},
 numpages = {15},
 url = {http://doi.acm.org/10.1145/358769.358784},
 doi = {10.1145/358769.358784},
 acmid = {358784},
 publisher = {ACM},
 address = {New York, NY, USA},
} 


@article{1970:codd,
 author = {Codd, E. F.},
 title = {A Relational Model of Data for Large Shared Data Banks},
 journal = {Commun. ACM},
 issue_date = {June 1970},
 volume = {13},
 number = {6},
 month = jun,
 year = {1970},
 issn = {0001-0782},
 pages = {377--387},
 numpages = {11},
 url = {http://doi.acm.org/10.1145/362384.362685},
 doi = {10.1145/362384.362685},
 acmid = {362685},
 publisher = {ACM},
 address = {New York, NY, USA},
} 



@misc{2019:ibmresearch,
author = "{IBM Research}",
year = "2019",
title = "IBM Research | Almaden",
url = "https://www.research.ibm.com/labs/almaden/index.shtml",
institute="IBM Almaden Research Center"
}


@TECHREPORT {1968:childs,
    author      = "Childs, David L.",
    title       = "Feasibility of a set-theoretic data structure : a general structure based on a reconstituted definition of relation",
    institution = "The University of Michigan",
    year        = "1968",
    url = "https://deepblue.lib.umich.edu/handle/2027.42/4164"
}

@article{1967:levien,
 author = {Levien, R. E. and Maron, M. E.},
 title = {A Computer System for Inference Execution and Data Retrieval},
 journal = {Commun. ACM},
 issue_date = {Nov. 1967},
 volume = {10},
 number = {11},
 month = nov,
 year = {1967},
 issn = {0001-0782},
 pages = {715--721},
 numpages = {7},
 url = {http://doi.acm.org/10.1145/363790.363817},
 doi = {10.1145/363790.363817},
 acmid = {363817},
 publisher = {ACM},
 address = {New York, NY, USA},
} 


@ARTICLE{1976:chamberlin,
author={D. D. {Chamberlin} and M. M. {Astrahan} and K. P. {Eswaran} and P. P. {Griffiths} and R. A. {Lorie} and J. W. {Mehl} and P. {Reisner} and B. W. {Wade}},
journal={IBM Journal of Research and Development},
title={SEQUEL 2: A Unified Approach to Data Definition, Manipulation, and Control},
year={1976},
volume={20},
number={6},
pages={560-575},
keywords={},
doi={10.1147/rd.206.0560},
ISSN={0018-8646},
month={Nov},}


@book{2011:navathe,
 author = {Elmasri, Ramez and Navathe, Shamkant B.},
 title = {Sistemas de banco de dados},
 year = {2011},
 edition = {6th},
 publisher = {Pearson},
} 

@inproceedings{1974:chamberlin,
 author = {Chamberlin, Donald D. and Boyce, Raymond F.},
 title = {SEQUEL: A Structured English Query Language},
 booktitle = {Proceedings of the 1974 ACM SIGFIDET (Now SIGMOD) Workshop on Data Description, Access and Control},
 series = {SIGFIDET '74},
 year = {1974},
 location = {Ann Arbor, Michigan},
 pages = {249--264},
 numpages = {16},
 url = {http://doi.acm.org/10.1145/800296.811515},
 doi = {10.1145/800296.811515},
 acmid = {811515},
 publisher = {ACM},
 address = {New York, NY, USA},
} 

@book{2009:biancuzzi,
 author = {Biancuzzi, Federico and Warden, Shane},
 title = {Masterminds of Programming: Conversations with the Creators of Major Programming Languages},
 year = {2009},
 isbn = {0596515170, 9780596515171},
 edition = {1st},
 publisher = {O'Reilly Media, Inc.},
} 

